@misc{report_code,
  title={Time Range Queries for Hereditary Properties},
  key={report},
  note={\url{https://github.com/mamikonyana/6.854-project-fall2016}},
  month={December},
  year={2016}
}

@InProceedings{bokal2015,
  author =	{Drago Bokal and Sergio Cabello and David Eppstein},
  title =	{{Finding All Maximal Subsequences with Hereditary Properties}},
  booktitle =	{31st International Symposium on Computational Geometry (SoCG 2015)},
  pages =	{240--254},
  series =	{Leibniz International Proceedings in Informatics (LIPIcs)},
  ISBN =	{978-3-939897-83-5},
  ISSN =	{1868-8969},
  year =	{2015},
  volume =	{34},
  editor =	{Lars Arge and J{\'a}nos Pach},
  publisher =	{Schloss Dagstuhl--Leibniz-Zentrum fuer Informatik},
  address =	{Dagstuhl, Germany},
  URL =		{http://drops.dagstuhl.de/opus/volltexte/2015/5113},
  URN =		{urn:nbn:de:0030-drops-51132},
  doi =		{http://dx.doi.org/10.4230/LIPIcs.SOCG.2015.240},
  annote =	{Keywords: convex hull, diameter, monotone path, sequence of points, trajectory}
}

@InProceedings{chan2016,
  author =	{Timothy M. Chan and Simon Pratt},
  title =	{{Two Approaches to Building Time-Windowed Geometric Data Structures}},
  booktitle =	{32nd International Symposium on Computational Geometry (SoCG 2016)},
  pages =	{28:1--28:15},
  series =	{Leibniz International Proceedings in Informatics (LIPIcs)},
  ISBN =	{978-3-95977-009-5},
  ISSN =	{1868-8969},
  year =	{2016},
  volume =	{51},
  editor =	{S{\'a}ndor Fekete and Anna Lubiw},
  publisher =	{Schloss Dagstuhl--Leibniz-Zentrum fuer Informatik},
  address =	{Dagstuhl, Germany},
  URL =		{http://drops.dagstuhl.de/opus/volltexte/2016/5920},
  URN =		{urn:nbn:de:0030-drops-59201},
  doi =		{http://dx.doi.org/10.4230/LIPIcs.SoCG.2016.28},
  annote =	{Keywords: time window, geometric data structures, range searching, dynamic convex hull}
}

@inproceedings{lueker1978data,
  title={A data structure for orthogonal range queries},
  author={Lueker, George S},
  booktitle={Foundations of Computer Science, 1978., 19th Annual Symposium on},
  pages={28--34},
  year={1978},
  organization={IEEE}
}

@inproceedings{shamos1976geometric,
  title={Geometric intersection problems},
  author={Shamos, Michael Ian and Hoey, Dan},
  booktitle={Foundations of Computer Science, 1976., 17th Annual Symposium on},
  pages={208--215},
  year={1976},
  organization={IEEE}
}

